@Article{Naghib19,
  Title                    = {{A Framework for Telescope Schedulers: With Applications to the Large Synoptic Survey Telescope}},
  Author                   = {{Naghib}, Elahesadat and {Yoachim}, Peter and {Vanderbei}, Robert J. and
 {Connolly}, Andrew J. and {Jones}, R. Lynne},
  Journal                  = {\aj},
  Year                     = {2019},

  Month                    = {Apr},
  Number                   = {4},
  Pages                    = {151},
  Volume                   = {157},

  Adsnote                  = {Provided by the SAO/NASA Astrophysics Data System},
  Adsurl                   = {https://ui.adsabs.harvard.edu/abs/2019AJ....157..151N},
  Archiveprefix            = {arXiv},
  Doi                      = {10.3847/1538-3881/aafece},
  Eid                      = {151},
  Eprint                   = {1810.04815},
  Keywords                 = {telescopes, instrumentation: miscellaneous, surveys, Astrophysics - Instrumentation and Methods for Astrophysics},
  Primaryclass             = {astro-ph.IM}
}

@Article{Rothchild19,
  Title                    = {{ALTSched: Improved Scheduling for Time-domain Science with LSST}},
  Author                   = {{Rothchild}, Daniel and {Stubbs}, Christopher and {Yoachim}, Peter},
  Journal                  = {\pasp},
  Year                     = {2019},

  Month                    = {Nov},
  Number                   = {1005},
  Pages                    = {115002},
  Volume                   = {131},

  Adsnote                  = {Provided by the SAO/NASA Astrophysics Data System},
  Adsurl                   = {https://ui.adsabs.harvard.edu/abs/2019PASP..131k5002R},
  Archiveprefix            = {arXiv},
  Doi                      = {10.1088/1538-3873/ab3300},
  Eprint                   = {1903.00531},
  Keywords                 = {Astrophysics - Instrumentation and Methods for Astrophysics},
  Primaryclass             = {astro-ph.IM}
}

@ARTICLE{Bellm19,
       author = {{Bellm}, Eric C. and {Kulkarni}, Shrinivas R. and {Barlow}, Tom and
         {Feindt}, Ulrich and {Graham}, Matthew J. and {Goobar}, Ariel and
         {Kupfer}, Thomas and {Ngeow}, Chow-Choong and {Nugent}, Peter and
         {Ofek}, Eran and {Prince}, Thomas A. and {Riddle}, Reed and
         {Walters}, Richard and {Ye}, Quan-Zhi},
        title = "{The Zwicky Transient Facility: Surveys and Scheduler}",
      journal = {\pasp},
     keywords = {Astrophysics - Instrumentation and Methods for Astrophysics},
         year = 2019,
        month = jun,
       volume = {131},
       number = {1000},
        pages = {068003},
          doi = {10.1088/1538-3873/ab0c2a},
archivePrefix = {arXiv},
       eprint = {1905.02209},
 primaryClass = {astro-ph.IM},
       adsurl = {https://ui.adsabs.harvard.edu/abs/2019PASP..131f8003B},
      adsnote = {Provided by the SAO/NASA Astrophysics Data System}
}

@INPROCEEDINGS{Delgado14,
   author = {{Delgado}, F. and {Saha}, A. and {Chandrasekharan}, S. and {Cook}, K. and {Petry}, C. and {Ridgway}, S.},
    title = "{The LSST operations simulator}",
    series = {Society of Photo-Optical Instrumentation Engineers (SPIE) Conference Series},
    booktitle = {Modeling, Systems Engineering, and Project Management for Astronomy VI},
    editor = {George Z. Angeli and Philippe Dierickx},
    year = {2014},
    volume = 9150,
    eid = {915015},
    pages = {15},
    doi = {10.1117/12.2056898},
    adsurl = {http://adsabs.harvard.edu/abs/2014SPIE.9150E..15D},
   adsnote = {Provided by the SAO/NASA Astrophysics Data System}
}

@ARTICLE{Lampoudi15,
       author = {{Lampoudi}, Sotiria and {Saunders}, Eric and {Eastman}, Jason},
        title = "{An Integer Linear Programming Solution to the Telescope Network Scheduling Problem}",
      journal = {arXiv e-prints},
     keywords = {Astrophysics - Instrumentation and Methods for Astrophysics, Computer Science - Data Structures and Algorithms},
         year = 2015,
        month = mar,
          eid = {arXiv:1503.07170},
        pages = {arXiv:1503.07170},
archivePrefix = {arXiv},
       eprint = {1503.07170},
 primaryClass = {astro-ph.IM},
       adsurl = {https://ui.adsabs.harvard.edu/abs/2015arXiv150307170L},
      adsnote = {Provided by the SAO/NASA Astrophysics Data System}
}

@INPROCEEDINGS{Yoachim16,
       author = {{Yoachim}, Peter and {Coughlin}, Michael and {Angeli}, George Z. and
         {Claver}, Charles F. and {Connolly}, Andrew J. and {Cook}, Kem and
         {Daniel}, Scott and {Ivezi{\'c}}, {\v{Z}}eljko and {Jones}, R. Lynne and
         {Petry}, Catherine and {Reuter}, Michael and {Stubbs}, Christopher and
         {Xin}, Bo},
        title = "{An optical to IR sky brightness model for the LSST}",
    booktitle = {Observatory Operations: Strategies, Processes, and Systems VI},
         year = 2016,
       series = {Society of Photo-Optical Instrumentation Engineers (SPIE) Conference Series},
       volume = {9910},
        month = jul,
          eid = {99101A},
        pages = {99101A},
          doi = {10.1117/12.2232947},
       adsurl = {https://ui.adsabs.harvard.edu/abs/2016SPIE.9910E..1AY},
      adsnote = {Provided by the SAO/NASA Astrophysics Data System}
}

@ARTICLE{2018Icar..312..181G,
       author = {{Granvik}, Mikael and {Morbidelli}, Alessandro and {Jedicke}, Robert and
         {Bolin}, Bryce and {Bottke}, William F. and {Beshore}, Edward and
         {Vokrouhlick{\'y}}, David and {Nesvorn{\'y}}, David and
         {Michel}, Patrick},
        title = "{Debiased orbit and absolute-magnitude distributions for near-Earth objects}",
      journal = {\icarus},
     keywords = {Near-Earth objects, Asteroids, Dynamics, Comets, Resonances, Orbital, Astrophysics - Earth and Planetary Astrophysics},
         year = 2018,
        month = sep,
       volume = {312},
        pages = {181-207},
          doi = {10.1016/j.icarus.2018.04.018},
archivePrefix = {arXiv},
       eprint = {1804.10265},
 primaryClass = {astro-ph.EP},
       adsurl = {https://ui.adsabs.harvard.edu/abs/2018Icar..312..181G},
      adsnote = {Provided by the SAO/NASA Astrophysics Data System}
}

@ARTICLE{2011PASP..123..423G,
       author = {{Grav}, Tommy and {Jedicke}, Robert and {Denneau}, Larry and
         {Chesley}, Steve and {Holman}, Matthew J. and {Spahr}, Timothy B.},
        title = "{The Pan-STARRS Synthetic Solar System Model: A Tool for Testing and Efficiency Determination of the Moving Object Processing System}",
      journal = {\pasp},
         year = 2011,
        month = apr,
       volume = {123},
       number = {902},
        pages = {423},
          doi = {10.1086/659833},
       adsurl = {https://ui.adsabs.harvard.edu/abs/2011PASP..123..423G},
      adsnote = {Provided by the SAO/NASA Astrophysics Data System}
}

@ARTICLE{2009AJ....137.4917K,
       author = {{Kavelaars}, J.~J. and {Jones}, R.~L. and {Gladman}, B.~J. and
         {Petit}, J. -M. and {Parker}, Joel Wm. and {Van Laerhoven}, C. and
         {Nicholson}, P. and {Rousselot}, P. and {Scholl}, H. and {Mousis}, O. and
         {Marsden}, B. and {Benavidez}, P. and {Bieryla}, A. and
         {Campo Bagatin}, A. and {Doressoundiram}, A. and {Margot}, J.~L. and
         {Murray}, I. and {Veillet}, C.},
        title = "{The Canada-France Ecliptic Plane Survey{\textemdash}L3 Data Release: The Orbital Structure of the Kuiper Belt}",
      journal = {\aj},
     keywords = {Kuiper Belt, surveys},
         year = 2009,
        month = jun,
       volume = {137},
       number = {6},
        pages = {4917-4935},
          doi = {10.1088/0004-6256/137/6/4917},
       adsurl = {https://ui.adsabs.harvard.edu/abs/2009AJ....137.4917K},
      adsnote = {Provided by the SAO/NASA Astrophysics Data System}
}

@ARTICLE{2011AJ....142..131P,
       author = {{Petit}, J. -M. and {Kavelaars}, J.~J. and {Gladman}, B.~J. and
         {Jones}, R.~L. and {Parker}, J. Wm. and {Van Laerhoven}, C. and
         {Nicholson}, P. and {Mars}, G. and {Rousselot}, P. and {Mousis}, O. and
         {Marsden}, B. and {Bieryla}, A. and {Taylor}, M. and {Ashby}, M.~L.~N. and
         {Benavidez}, P. and {Campo Bagatin}, A. and {Bernabeu}, G.},
        title = "{The Canada-France Ecliptic Plane Survey{\textemdash}Full Data Release: The Orbital Structure of the Kuiper Belt}",
      journal = {\aj},
     keywords = {Kuiper Belt: general, surveys, Astrophysics - Earth and Planetary Astrophysics},
         year = 2011,
        month = oct,
       volume = {142},
       number = {4},
          eid = {131},
        pages = {131},
          doi = {10.1088/0004-6256/142/4/131},
archivePrefix = {arXiv},
       eprint = {1108.4836},
 primaryClass = {astro-ph.EP},
       adsurl = {https://ui.adsabs.harvard.edu/abs/2011AJ....142..131P},
      adsnote = {Provided by the SAO/NASA Astrophysics Data System}
}


@ARTICLE{2003MNRAS.343..796P,
       author = {{Padilla}, N.~D. and {Baugh}, C.~M.},
        title = "{The power spectrum of galaxy clustering in the APM Survey}",
      journal = {\mnras},
     keywords = {methods: data analysis, galaxies: distances and redshifts, galaxies: statistics, cosmology: miscellaneous, large-scale structure of Universe, Astrophysics},
         year = 2003,
        month = aug,
       volume = {343},
       number = {3},
        pages = {796-812},
          doi = {10.1046/j.1365-8711.2003.06725.x},
archivePrefix = {arXiv},
       eprint = {astro-ph/0301083},
 primaryClass = {astro-ph},
       adsurl = {https://ui.adsabs.harvard.edu/abs/2003MNRAS.343..796P},
      adsnote = {Provided by the SAO/NASA Astrophysics Data System}
}




